@book{izumi2016ero,
  author    = {和泉纱雾},
  title     = {Eromanga Sensei：完美女主角的绘制指南},
  year      = {2016},
  publisher = {神崎出版社},
  address   = {日本东京},
  note      = {插画轻小说},
  pinyin    = {Hequan Shawu},
}

@article{takanashi2012eye,
  author  = {小鸟游六花 and 富樫勇太},
  title   = {邪王真眼：中二病现象学研究},
  journal = {御宅心理学杂志},
  year    = {2012},
  volume  = {8},
  number  = {3},
  pages   = {42--58},
  note    = {特刊：青春妄想症},
  pinyin  = {Xiaoniaoyou Liuhua and Fujia Yuta},
}

@inproceedings{yano2020game,
  author    = {八奈见杏菜},
  title     = {魔法少女游戏机制：平衡萌度与战斗力},
  booktitle = {第一届美少女游戏设计国际研讨会论文集},
  year      = {2020},
  pages     = {88--97},
  address   = {日本秋叶原},
  publisher = {萌游出版社},
  pinyin    = {Banajian Xingcai},
}

@misc{nishimiya2016voice,
  author = {西宫硝子},
  title  = {声之形：超越语言的交流},
  year   = {2016},
  howpublished = {\url{https://silentvoice.example.jp/}},
  note   = {动画电影评论博客},
  pinyin = {Xigong Xiaoko},
}

@phdthesis{makise2010time,
  author  = {牧濑红莉栖},
  title   = {Microwave Time Leaps: Practical Applications of Future Gadget Laboratory Research},
  school  = {Tokyo Denki University},
  year    = {2010},
  address = {Akihabara, Tokyo},
  note    = {Supervised by Rintarou Okabe},
  pinyin  = {Mukai Honglisi},
}

@article{asuka2018eva,
  author  = {Souryuu Asuka Langley},
  title   = {新世纪福音战士机体同步率波动机理研究},
  journal = {机动战斗兵器学报},
  year    = {2018},
  volume  = {12},
  number  = {4},
  pages   = {101--120},
  note    = {特刊：EVA作战系统},
}

@book{holo2021economics,
  author    = {赫萝 and Lawrence Kraft},
  title     = {狼与香辛料：中世纪经济学与商旅物语},
  year      = {2021},
  publisher = {Yoitsu Trade Press},
  address   = {Yoitsu, Fictional Kingdom},
  note      = {轻小说·经济学科普},
  pinyin    = {Huo Luo and Lawrence Kraft},
}

@incollection{shana2015flame,
  author    = {夏娜},
  title     = {炎发灼眼：火雾战士的力量体系},
  booktitle = {幻想战斗体系研究手册},
  publisher = {Misty Flame Publishing},
  address   = {Misaki City},
  year      = {2015},
  pages     = {56--78},
  note      = {幻想战斗文化研究},
  pinyin    = {Xiana},
}

@article{rem2019maid,
  author  = {蕾姆},
  title   = {女仆战术与心理辅导：异世界冒险团案例分析},
  journal = {异世界战术学报},
  year    = {2019},
  volume  = {3},
  number  = {1},
  pages   = {14--29},
  note    = {Re:从零开始的异世界生活专题},
  pinyin  = {Leimu},
}

@thesis{aqua2022idols,
  author    = {Houshou Marine},
  title     = {VTuber偶像企划的粉丝经济学},
  booktitle = {虚拟偶像文化国际研讨会},
  year      = {2022},
  address   = {Virtual City},
  publisher = {Hololive Institute},
  pinyin    = {Minato Akua and Houshou Marine},
  url      = {https://hololive.example.jp/marine-idols},
}
